<?xml version="1.0" encoding="UTF-8"?><collection xmlns="http://www.loc.gov/MARC21/slim"><record><leader>00399nam--2200133-i-4500</leader><controlfield tag="001">000014536</controlfield><controlfield tag="002">20161230</controlfield><controlfield tag="005">20161230201030</controlfield><controlfield tag="008">060222s1000------------r-----000-0-eng-d</controlfield><datafield ind1=" " ind2=" " tag="080"><subfield code="a">615.3(083.74)</subfield></datafield><datafield ind1=" " ind2=" " tag="245"><subfield code="a">Assesing causes of adverse drug reactions with special reference to standardized methods</subfield></datafield><datafield ind1=" " ind2=" " tag="260"><subfield code="a">London, Academic Press, 1982 Xiii + 233 P</subfield></datafield><datafield ind1=" " ind2=" " tag="700"><subfield code="a">Venulet, Jan /S.A.</subfield></datafield><datafield ind1=" " ind2=" " tag="852"><subfield code="a">71375</subfield></datafield></record></collection>